<?xml version='1.0' encoding='UTF-8'?>
<record xmlns="http://www.loc.gov/MARC21/slim">
  <leader>00762cam a22002291  4500</leader>
  <controlfield tag="001">1550669</controlfield>
  <controlfield tag="003">NjP</controlfield>
  <controlfield tag="005">20170215174849.0</controlfield>
  <controlfield tag="008">082185s1960    sy b          00000 ara d</controlfield>
  <datafield tag="024" ind1="7" ind2=" ">
    <subfield code="a">princeton_aco002187</subfield>
    <subfield code="2">local</subfield>
  </datafield>
  <datafield ind1=" " ind2=" " tag="010">
    <subfield code="a">   64003294 </subfield>
  </datafield>
  <datafield ind1=" " ind2=" " tag="035">
    <subfield code="9">CEV7787TS</subfield>
  </datafield>
  <datafield ind1=" " ind2=" " tag="040">
    <subfield code="a">NjP</subfield>
    <subfield code="c">NjP</subfield>
  </datafield>
  <datafield ind1=" " ind2=" " tag="043">
    <subfield code="a">a-sy---</subfield>
  </datafield>
  <datafield ind1="1" ind2=" " tag="100">
    <subfield code="a">ʻAẓm, ʻAbd al-Qādir.</subfield>
  </datafield>
  <datafield ind1="1" ind2="3" tag="245">
    <subfield code="a">al-Usrah al-ʻAẓmīyah /</subfield>
    <subfield code="c">li-jāmiʻihā ʻAbd al-Qādir al-ʻAẓm.</subfield>
  </datafield>
  <datafield ind1=" " ind2=" " tag="260">
    <subfield code="a">Dimashq :</subfield>
    <subfield code="b">Maṭbaʻat al-Inshā,́</subfield>
    <subfield code="c">1960.</subfield>
  </datafield>
  <datafield ind1=" " ind2=" " tag="300">
    <subfield code="a">154 p. :</subfield>
    <subfield code="b">port. ;</subfield>
    <subfield code="c">20 cm.</subfield>
  </datafield>
  <datafield ind1=" " ind2="0" tag="650">
    <subfield code="a">ʻAẓm family.</subfield>
  </datafield>
  <datafield ind1=" " ind2="0" tag="651">
    <subfield code="a">Damascus (Syria)</subfield>
    <subfield code="x">History.</subfield>
    <subfield code="0">http://id.loc.gov/authorities/subjects/sh2008114801</subfield>
  </datafield>
  <datafield ind1=" " ind2=" " tag="948">
    <subfield code="a">jab/con</subfield>
  </datafield>
  <datafield ind1=" " ind2=" " tag="911">
    <subfield code="a">19980228</subfield>
  </datafield>
  <datafield ind1=" " ind2=" " tag="912">
    <subfield code="a">20000323035056.0</subfield>
  </datafield>
  <datafield ind1="0" ind2="0" tag="852">
    <subfield code="0">1785546</subfield>
    <subfield code="b">nec</subfield>
    <subfield code="t">1</subfield>
    <subfield code="h">DS97.6.A2</subfield>
    <subfield code="i">A96 1960</subfield>
  </datafield>
  <datafield ind1=" " ind2=" " tag="959">
    <subfield code="a">2000-06-13 00:00:00 -0400</subfield>
  </datafield>
</record>
